@ARTICLE{pues1984, 
author={Pues, H. and Van de Capelle, A.}, 
journal={Microwaves, Optics and Antennas, IEE Proceedings H}, 
title={Accurate transmission-line model for the rectangular microstrip antenna}, 
year={1984}, 
volume={131}, 
number={6}, 
pages={334-340}, 
keywords={antenna theory;electric impedance;strip line components;transmission line theory;waveguide antennas;input impedance;microwave antenna;mutual radiative coupling;radiation conductance;rectangular microstrip antenna;side slots influence;single microstrip feed line;square antenna;transmission-line model}, 
doi={10.1049/ip-h-1:19840071}, 
ISSN={0143-7097},}

@ARTICLE{kirschning, 
author={Kirschning, M. and Jansen, R.H. and Koster, N.H.L.}, 
journal={Electronics Letters}, 
title={Accurate model for open end effect of microstrip lines}, 
year={1981}, 
volume={17}, 
number={3}, 
pages={123-125}, 
keywords={circuit CAD;strip lines;waveguide theory;closed form expression;microstrip lines;microwave CAD programs}, 
doi={10.1049/el:19810088}, 
ISSN={0013-5194},}

@ARTICLE{mcmichael2013, 
author={McMichael, I.T. and Zaghloul, A.I. and Mirotznik, M.S.}, 
journal={Antennas and Propagation, IEEE Transactions on}, 
title={A Method for Determining Optimal EBG Reflection Phase for Low Profile Dipole Antennas}, 
year={2013}, 
volume={61}, 
number={5}, 
pages={2411-2417}, 
keywords={antenna feeds;dipole antennas;electric impedance;electromagnetic wave reflection;iterative methods;photonic band gap;antenna height;antenna return loss;design process validation;discrete frequencies;electromagnetic band gap ground plane;feed impedance;frequency band;image theory;low profile dipole antenna matching;low profile dipole antennas;manufacturing process;near field coupling;optimal EBG reflection phase determination;optimal design method;perfect return loss;time consuming iterative full wave numerical simulations;Dipole antennas;Impedance;Metamaterials;Periodic structures;Reflection;Surface impedance;Surface waves;Electromagnetic band gap (EBG);low profile antenna;reflection phase}, 
doi={10.1109/TAP.2013.2244552}, 
ISSN={0018-926X},}

@BOOK{pozar,
author={D.~M.~Pozar},
title={Microwave Engineering, 2nd ed.},
year={1998},
publisher={New York: Wiley},
month={},
volume={},
number={},
pages={},
keywords={},
doi={},
ISSN={},}

@ARTICLE{munson, 
author={Munson, R.}, 
journal={IEEE Transactions on Antennas and Propagation}, 
title={Conformal microstrip antennas and microstrip phased arrays}, 
year={1974}, 
volume={22}, 
number={1}, 
pages={74-78}, 
keywords={Antenna feeds;Conformal arrays;Microstrip antennas;Microstrip arrays;Phased arrays;Antenna feeds;Costs;Microstrip antenna arrays;Microstrip antennas;Microstrip components;Missiles;Phased arrays;Printed circuits;Rockets;Satellite antennas}, 
doi={10.1109/TAP.1974.1140723}, 
ISSN={0018-926X},}

@BOOK{microstrip,
author={J.~R.~James and P.~S.~Hall and C.~Wood},
title={Microstrip Antenna Theory and Design},
year={1981},
publisher={London: Peter Peregrinus},
month={},
volume={},
number={},
pages={},
keywords={},
doi={},
ISSN={},}

@BOOK{fariabook,
author={J.~A.~B.~Faria},
title={Multiconductor Transmission-Line Structures: Modal Analysis Techniques},
year={1993},
publisher={New York: Wiley},
month={},
volume={},
number={},
pages={},
keywords={},
doi={},
ISSN={},}

@BOOK{paulbook,
author={C.~R.~Paul},
title={Analysis of Multiconductor Transmission Lines, 2nd ed.},
year={2008},
publisher={New York: Wiley},
month={},
volume={},
number={},
pages={},
keywords={},
doi={},
ISSN={},}

@ARTICLE{yang2003, 
author={Fan Yang and Rahmat-Samii, Y.}, 
journal={Antennas and Propagation, IEEE Transactions on}, 
title={Reflection phase characterizations of the EBG ground plane for low profile wire antenna applications}, 
year={2003}, 
volume={51}, 
number={10}, 
pages={2691-2703}, 
keywords={antenna accessories;electromagnetic wave reflection;microwave materials;photonic band gap;wire antennas;EBG ground plane;PEC ground plane;conventional perfect electric conductor;electromagnetic device applications;electromagnetic properties;input-match frequency band;low profile wire antenna applications;mushroom-like electromagnetic band-gap structures;operational frequency band;plane waves;radiation patterns;reflected field;reflection phase characterizations;return loss;surface-wave frequency bandgap;Antenna radiation patterns;Electromagnetic devices;Electromagnetic reflection;Frequency;Metamaterials;Periodic structures;Photonic band gap;Reflector antennas;Surface waves;Wire}, 
doi={10.1109/TAP.2003.817559}, 
ISSN={0018-926X},}

@ARTICLE{besthanna,
author={Best, S.R. and Hanna, D.L.}, 
journal={IEEE Antennas and Propagation Magazine}, 
title={Design of a broadband dipole in close proximity to an {EBG} ground plane}, 
year={2008}, 
volume={50}, 
number={6}, 
pages={52-64}, 
keywords={antenna radiation patterns;bow-tie antennas;broadband antennas;dipole antennas;impedance matching;photonic band gap;EBG ground plane;antenna radiation pattern;bowtie antenna;broadband dipole antenna;electromagnetic bandgap;folded bowtie dipole antenna element;impedance matching;resistance 50 ohm;straight-wire dipole antenna;Antenna radiation patterns;Bandwidth;Degradation;Dipole antennas;Frequency;Geometry;Impedance matching;Metamaterials;Periodic structures;Shape;Dipole antennas; bowtie antennas; broadband antennas; antenna radiation patterns; electromagnetic bandgap;impedance matching}, 
doi={10.1109/MAP.2008.4768923}, 
ISSN={1045-9243},}

@ARTICLE{elek, 
author={F.~Elek and G.~V.~Eleftheriades}, 
journal={IEEE Microwave and Wireless Components Letters}, 
title={Dispersion analysis of the shielded {Sievenpiper} structure using multiconductor transmission-line theory}, 
year={2004}, 
volume={14}, 
number={9}, 
pages={434-436}, 
keywords={dispersion (wave);multiconductor transmission lines;periodic structures;transmission line theory;backward-wave mode;band gap;contra-directional coupling;dispersion analysis;dispersion curves;dual mode behavior;forward-wave mode;full-wave simulations;loaded transmission lines;metamaterials;modal behavior;multiconductor transmission-line theory;negative refraction;quasiTEM analysis;quasitransverse electromagnetic mode;shielded Sievenpiper structure;wave propagation constants;Capacitors;Circuits;Conductors;Corrugated surfaces;Metallization;Metamaterials;Microstrip;Periodic structures;Transmission line theory;Transmission lines;Backward waves;band-gap;complex modes;loaded transmission lines;metamaterials;negative refraction}, 
doi={10.1109/LMWC.2004.832075}, 
ISSN={1531-1309},}

@INPROCEEDINGS{allerton, 
author={Kerby-Patel, K.~C.}, 
booktitle={Antenna Applications Symposium}, 
title={Transmission Line Model for Microstrip Line Above a Periodic High-Impedance Surface Ground Plane}, 
year={2013}, 
pages={??-??}, 
keywords={microstrip lines;1D Bloch analysis;1D-periodic structures;commercial software;truncated periodic structures;Analytical models;Application software;Dispersion;Frequency;Green's function methods;Microstrip;Moment methods;Periodic structures;Propagation constant;Transmission line matrix methods},}

@INPROCEEDINGS{valerio, 
author={Valerio, G. and Paulotto, S. and Baccarelli, P. and Burghignoli, P. and Frezza, F. and Galli, A. and Lampariello, P.}, 
booktitle={ EuCAP 2009: 3rd European Conference on Antennas and Propagation}, 
title={Improving approximate {1D} {Bloch} analysis through simulation of truncated periodic structures}, 
year={2009}, 
pages={3453-3456}, 
keywords={microstrip lines;1D Bloch analysis;1D-periodic structures;commercial software;truncated periodic structures;Analytical models;Application software;Dispersion;Frequency;Green's function methods;Microstrip;Moment methods;Periodic structures;Propagation constant;Transmission line matrix methods},}

@ARTICLE{faria2004, 
author={J.~A.~B.~Faria}, 
journal={IEEE Transactions on Power Systems}, 
title={A new generalized modal analysis theory for nonuniform multiconductor transmission lines}, 
year={2004}, 
volume={19}, 
number={2}, 
pages={926-933}, 
keywords={modal analysis;multiconductor transmission lines;power cables;transmission line matrix methods;wave propagation;backward-modal surge admittance;forward-modal surge admittance;generalized modal analysis theory;matrix analysis;modal propagation constants;nonuniform multiconductor transmission lines;transmission line equations;uniform transmission lines;wave propagation parameters;Admittance;Equations;Modal analysis;Multiconductor transmission lines;Propagation constant;Surges;Transmission line matrix methods;Transmission line theory;Transmission lines;Voltage}, 
doi={10.1109/TPWRS.2004.826726}, 
ISSN={0885-8950},}

@ARTICLE{goldfarb, 
author={M.~E. Goldfarb and R.~A.~Pucel}, 
journal={IEEE Microwave and Guided Wave Letters}, 
title={Modeling via hole grounds in microstrip}, 
year={1991}, 
volume={1}, 
number={6}, 
pages={135-137}, 
keywords={inductance;modelling;strip lines;Maxwell's equations;cylindrical conductor;cylindrical via hole;inductance;microstrip;model;via hole grounds;Conductors;Foundries;Inductance measurement;Maxwell equations;Metallization;Microstrip components;Moment methods;Numerical simulation;Springs;Topology}, 
doi={10.1109/75.91090}, 
ISSN={1051-8207},}

@INPROCEEDINGS{hammerstad, 
author={E.~Hammerstad}, 
booktitle={IEEE MTT-S International Microwave Symposium Digest}, 
title={Computer-Aided Design of Microstrip Couplers with Accurate Discontinuity Models}, 
year={1981}, 
pages={54-56}, 
keywords={Circuits;Couplers;Design automation;Design optimization;Dielectric constant;Dielectric measurements;Dielectric substrates;Equations;Microstrip;Resonance}, 
doi={10.1109/MWSYM.1981.1129818}, 
ISSN={0149-645X},}

@MISC{HFSS, 
title={{Ansoft HFSS, version 14}},
year={2011},}

@ARTICLE{sievenpiper2005, 
author={Sievenpiper, D.F.}, 
journal={Antennas and Propagation, IEEE Transactions on}, 
title={Forward and backward leaky wave radiation with large effective aperture from an electronically tunable textured surface}, 
year={2005}, 
volume={53}, 
number={1}, 
pages={236-247}, 
keywords={aperture antennas;electromagnetic wave reflection;leaky wave antennas;optimisation;surface impedance;varactors;backward leaky wave radiation;boundary condition;coupling energy;electric conductor;electronic control;electronically steerable leaky wave antenna;electronically tunable textured surface;forward leaky wave radiation;large effective aperture;magnetic conductor;magnitude control;metal surface impedance;optimization algorithm;phase control;radiation angle;resonant texture;surface reflection property;surface wave property;surface wave radiation;varactor diodes;Apertures;Boundary conditions;Conductors;Diodes;Magnetic resonance;Optical reflection;Surface impedance;Surface texture;Surface waves;Varactors}, 
doi={10.1109/TAP.2004.840516}, 
ISSN={0018-926X},}

@ARTICLE{sievenpiper1999, 
author={Sievenpiper, Dan and Lijun Zhang and Broas, R. F J and Alexopolous, N.G. and Yablonovitch, E.}, 
journal={Microwave Theory and Techniques, IEEE Transactions on}, 
title={High-impedance electromagnetic surfaces with a forbidden frequency band}, 
year={1999}, 
volume={47}, 
number={11}, 
pages={2059-2074}, 
keywords={antenna theory;microwave antennas;photonic band gap;surface electromagnetic waves;corrugated metal surface;forbidden frequency band;free-space wavelength;high-impedance electromagnetic surfaces;image currents;low-profile antennas;lumped-circuit elements;metallic electromagnetic structure;periodicity;solid-state band theory concepts;surface impedance;two-dimensional lattice;Antennas and propagation;Conductors;Corrugated surfaces;Electromagnetic propagation;Frequency;Lattices;Optical surface waves;Surface impedance;Surface texture;Surface waves}, 
doi={10.1109/22.798001}, 
ISSN={0018-9480},}

@ARTICLE{lim2004, 
author={Lim, Sungjoon and Caloz, C. and Itoh, T.}, 
journal={Microwave and Wireless Components Letters, IEEE}, 
title={Electronically scanned composite right/left handed microstrip leaky-wave antenna}, 
year={2004}, 
volume={14}, 
number={6}, 
pages={277-279}, 
keywords={composite materials;leaky wave antennas;microstrip antennas;scanning antennas;3.23 GHz;35 V;9 V;CRLH metamaterials;capacitive loading;circuit model;composite right-left handed microstrip leaky-wave antenna;continuous scanning;dominant mode;electronically scanned microstrip leaky-wave antenna;propagation constant;radiated beam;unit cell;varactors;voltage scanning;Antennas and propagation;Circuits;Leaky wave antennas;Loaded antennas;Metamaterials;Microstrip antennas;Optical modulation;Propagation constant;Varactors;Voltage;CRLH;Composite right/left handed;LW;antenna;electronical scanning;leaky-wave;metamaterials;structure}, 
doi={10.1109/LMWC.2004.828008}, 
ISSN={1531-1309},}

@INCOLLECTION{jacksonoliner,
author = {Jackson, D.~R. and Oliner, A.~A.},
title={Leaky-Wave Antennas},
booktitle={Modern Antenna Handbook},
editor={Balanis, C.~A.},
publisher={John Wiley \& Sons, Inc},
chapter={7},
address={Hoboken, NJ, USA},
year={2007},}